@article{dobrin2004s,
  title={It's Not Easy Being Green’},
  author={Dobrin, Sidney I‘},
  journal={Sidney I. Dobrin and KennethKidd. Detroit, MI: Wayne State UP},
  pages={232--53},
  year={2004}
}